
@article{CS,
  title={Deterministic small-world networks},
  author={Comellas, Francesc and Sampels, Michael},
  journal={Physica A: Statistical Mechanics and its Applications},
  volume={309},
  number={1},
  pages={231--235},
  year={2002},
  publisher={Elsevier}
}


@book{CLRS,
  title={Introduction to algorithms},
  author={Thomas H.. Cormen and Leiserson, Charles Eric and Rivest, Ronald L and Stein, Clifford},
  volume={6},
  year={2001},
  publisher={MIT press Cambridge}
}


@inproceedings{CCKN,
  title={CMP network-on-chip overlaid with multi-band RF-interconnect},
  author={Chang, M Frank and Cong, Jason and Kaplan, Adam and Naik, Mishali and Reinman, Glenn and Socher, Eran and Tam, Sai-Wang},
  booktitle={High Performance Computer Architecture, 2008. HPCA 2008. IEEE 14th International Symposium on},
  pages={191--202},
  year={2008},
  organization={Ieee}
}


@inproceedings{CSTC,
  title={RF interconnects for communications on-chip},
  author={Chang, M-C Frank and Socher, Eran and Tam, Sai-Wang and Cong, Jason and Reinman, Glenn},
  booktitle={Proceedings of the 2008 international symposium on Physical design},
  pages={78--83},
  year={2008},
  organization={ACM}
}


@inproceedings{F,
  title={A delay-tolerant network architecture for challenged internets},
  author={Fall, Kevin},
  booktitle={Proceedings of the 2003 conference on Applications, technologies, architectures, and protocols for computer communications},
  pages={27--34},
  year={2003},
  organization={ACM}
}


@article{GCM,
  title={Delay Optimized Small-World Networks},
  author={Gaur, Nidhi and Chakraborty, Arpan and Manoj, BS},
  journal={Communications Letters, IEEE},
  volume={18},
  number={11},
  pages={1939--1942},
  year={2014},
  publisher={IEEE}
}



@article{JGN,
  title={Structure of growing social networks},
  author={Jin, Emily M and Girvan, Michelle and Newman, Mark EJ},
  journal={Physical review E},
  volume={64},
  number={4},
  pages={046132},
  year={2001},
  publisher={APS}
}

@article{M,
  title={The small world problem},
  author={Milgram, Stanley},
  journal={Psychology today},
  volume={2},
  number={1},
  pages={60--67},
  year={1967},
  publisher={New York}
}

@incollection{MT,
  title={Minimizing average shortest path distances via shortcut edge addition},
  author={Meyerson, Adam and Tagiku, Brian},
  booktitle={Approximation, Randomization, and Combinatorial Optimization. Algorithms and Techniques},
  pages={272--285},
  year={2009},
  publisher={Springer}
}


@article{N,
  title={The structure and function of complex networks},
  author={Newman, Mark EJ},
  journal={SIAM review},
  volume={45},
  number={2},
  pages={167--256},
  year={2003},
  publisher={SIAM}
}


@article{NW,
  title={Renormalization group analysis of the small-world network model},
  author={Newman, Mark EJ and Watts, Duncan J},
  journal={Physics Letters A},
  volume={263},
  number={4},
  pages={341--346},
  year={1999},
  publisher={Elsevier}
}


@article{OM,
  title={" It's a small world after all": NoC performance optimization via long-range link insertion},
  author={Ogras, Umit Y and Marculescu, Radu},
  journal={Very Large Scale Integration (VLSI) Systems, IEEE Transactions on},
  volume={14},
  number={7},
  pages={693--706},
  year={2006},
  publisher={IEEE}
}


@incollection{PD,
  title={A zoom-in approach to design SDH mesh restorable networks},
  author={Pickavet, Mario and Demeester, Piet},
  booktitle={Heuristic Approaches for Telecommunications Network Management, Planning and Expansion},
  pages={107--130},
  year={2000},
  publisher={Springer}
}


@article{WS,
  title={Collective dynamics of ‘small-world’networks},
  author={Watts, Duncan J and Strogatz, Steven H},
  journal={nature},
  volume={393},
  number={6684},
  pages={440--442},
  year={1998},
  publisher={Nature Publishing Group}
}

@article{LSG,
  title={Deterministic scale-free small-world networks of arbitrary order},
  author={Lu, Zhe-Ming and Su, Yu-Xin and Guo, Shi-Ze},
  journal={Physica A: Statistical Mechanics and its Applications},
  volume={392},
  number={17},
  pages={3555--3562},
  year={2013},
  publisher={Elsevier}
}
